@book{goldthorpe2007sociology,
  title={On sociology},
  author={Goldthorpe, John H},
  volume={2},
  year={2007},
  publisher={Stanford University Press}
}
@book{gelman2020regression,
  title={Regression and other stories},
  author={Gelman, Andrew and Hill, Jennifer and Vehtari, Aki},
  year={2020},
  publisher={Cambridge University Press}
}
@Manual{R-base,
  title = {R: A Language and Environment for Statistical Computing},
  author = {{R Core Team}},
  organization = {R Foundation for Statistical Computing},
  address = {Vienna, Austria},
  year = {2020},
  url = {https://www.R-project.org/},
}
@Manual{R-papaja,
  author = {Frederik Aust and Marius Barth},
  title = {{papaja}: {Create} {APA} manuscripts with {R Markdown}},
  year = {2020},
  note = {R package version 0.1.0.9997},
  url = {https://github.com/crsh/papaja},
}
@Manual{R-tidyMB,
  title = {tidyMB: Functions to improve workflow for motivation and behaviour
research},
  author = {Philip Parker and Taren Sanders and Michael Noetel and James Conigrave},
  year = {2020},
  note = {R package version 0.0.0.9001},
  url = {https://github.com/Motivation-and-Behaviour/tidyMB},
}

@article{kinsler2020,
	title = {Local Distortions in Parental Beliefs over Child Skill},
	author = {{Kinsler}, {Josh} and {Pavan}, {Ronni}},
	year = {2020},
	month = {12},
	date = {2020-12-03},
	journal = {Journal of Political Economy},
	pages = {000--000},
	doi = {10.1086/711347},
	url = {http://dx.doi.org/10.1086/711347},
	langid = {en}
}
